@article{verschuur_adaptive_1992,
	title = {Adaptive surface-related multiple elimination},
	volume = {57},
	number = {9},
	journal = {Geophysics},
	author = {Verschuur, Dirk J. and Berkhout, A. J. and Wapenaar, C. P. A.},
	year = {1992},
	pages = {1166--1177},
	file = {[PDF] from geoscienceworld.org:/home/anton/.mozilla/firefox/mwad0hks.default/zotero/storage/X3MKAQN6/Verschuur et al. - 1992 - Adaptive surface-related multiple elimination.pdf:application/pdf}
}
@article{cerjan_nonreflecting_1985,
	title = {A nonreflecting boundary condition for discrete acoustic and elastic wave equations},
	volume = {50},
	number = {4},
	journal = {GEOPHYSICS},
	author = {Cerjan, Charles and Kosloff, Dan and Kosloff, Ronnie and Reshef, Moshe},
	year = {1985},
	pages = {705--708}
}
@incollection{lomax_earthquake_2009,
	title = {{Earthquake} {Location} , {Direct}, {Global}-{Search} {Methods}},
	booktitle = {Encyclopedia of {Complexity} and {Systems} {Science}},
	publisher = {Springer},
	author = {Lomax, Anthony and Michelini, Alberto and Curtis, Andrew},
	year = {2009},
	pages = {2449--2473},
}

@article{lomax_precise_2001,
	title = {Precise, absolute earthquake location under {Somma}--{Vesuvius} volcano using a new three-dimensional velocity model},
	volume = {146},
	number = {2},
	journal = {Geophysical Journal International},
	author = {Lomax, Anthony and Zollo, Aldo and Capuano, Paolo and Virieux, Jean},
	month = aug,
	year = {2001},
	pages = {313--331},
	file = {Full Text PDF:/home/anton/.mozilla/firefox/mwad0hks.default/zotero/storage/RPTGDQBW/Lomax et al. - 2001 - Precise, absolute earthquake location under Sommaâ€“.pdf:application/pdf;Snapshot:/home/anton/.mozilla/firefox/mwad0hks.default/zotero/storage/BWP5VZ9Z/abstract.html:text/html}
}
@article{herrmann_computer_2013,
	title = {Computer {Programs} in {Seismology}: {An} {Evolving} {Tool} for {Instruction} and {Research}},
	volume = {84},
	number = {6},
	journal = {Seismological Research Letters},
	author = {Herrmann, R. B.},
	month = nov,
	year = {2013},
	pages = {1081--1088}
}
@article{eisner_comparison_2010,
	title = {Comparison of surface and borehole locations of induced seismicity: Comparison of surface and borehole locations},
	volume = {58},
	number = {5},
	journal = {Geophysical Prospecting},
	author = {Eisner, Leo and Hulsey, B. J. and Duncan, Peter and Jurick, Dana and Werner, Heigl and Keller, William},
	month = sep,
	year = {2010},
	pages = {809--820},
	file = {48-comparison-of-surface-and-borehole-locations-of-induced-seismicity.pdf:/home/anton/.mozilla/firefox/7m4i5mwi.default/zotero/storage/4QXVHGHI/48-comparison-of-surface-and-borehole-locations-of-induced-seismicity.pdf:application/pdf}
}
@article{eisner_uncertainties_2009,
	title = {Uncertainties in passive seismic monitoring},
	volume = {28},
	number = {6},
	journal = {The Leading Edge},
	author = {Eisner, Leo and Duncan, Peter M. and Heigl, Werner M. and Keller, William R.},
	year = {2009},
	pages = {648--655},
	file = {2-uncertainties-in-passive-seismic-monitoring.pdf:/home/anton/.mozilla/firefox/7m4i5mwi.default/zotero/storage/WB6GAPZW/2-uncertainties-in-passive-seismic-monitoring.pdf:application/pdf}
}
@book{kennett_seismic_2001,
	title = {The Seismic Wavefield: Volume 1, Introduction and Theoretical Development},
	publisher = {Cambridge University Press},
	author = {Kennett, B. L. N.},
	month = nov,
	year = {2001},
	keywords = {Science / Earth Sciences / Geology, Science / Earth Sciences / Seismology \& Volcanism, Science / Physics / Geophysics, Science / Waves \& Wave Mechanics}
}
@book{chapman_fundamentals_2004,
	title = {Fundamentals of Seismic Wave Propagation},
	publisher = {Cambridge University Press},
	author = {Chapman, Chris},
	month = jul,
	year = {2004},
	keywords = {Science / Earth Sciences / Seismology \& Volcanism, Science / Physics / Geophysics}
}
@article{sambridge_monte_2002,
	title = {Monte {Carlo} {Methods} in {Geophysical} {Inverse} {Problems}},
	volume = {40},
	number = {3},
	journal = {Reviews of Geophysics},
	author = {Sambridge, Malcolm and Mosegaard, Klaus},
	month = sep,
	year = {2002},
	pages = {1009},
	file = {Full Text PDF:/home/anton/.mozilla/firefox/mwad0hks.default/zotero/storage/JGI7UDXG/Sambridge and Mosegaard - 2002 - Monte Carlo Methods in Geophysical Inverse Problem.pdf:application/pdf;Snapshot:/home/anton/.mozilla/firefox/mwad0hks.default/zotero/storage/FH2M449T/abstract.html:text/html}
}
@article{bodin_seismic_2009,
	title = {Seismic tomography with the reversible jump algorithm},
	volume = {178},
	number = {3},
	journal = {Geophysical Journal International},
	author = {Bodin, Thomas and Sambridge, Malcolm},
	month = sep,
	year = {2009},
	pages = {1411--1436}
}

@article{cover_nearest_1967,
	title = {Nearest neighbor pattern classification},
	volume = {13},
	number = {1},
	journal = {IEEE Transactions on Information Theory},
	author = {Cover, T. and Hart, P.},
	month = jan,
	year = {1967},
	pages = {21--27}
}
@book{jr_applied_2004,
	title = {Applied {Logistic} {Regression}},
	publisher = {John Wiley \& Sons},
	author = {Jr, David W. Hosmer and Lemeshow, Stanley},
	month = oct,
	year = {2004},
	note = {Google-Books-ID: Po0RLQ7USIMC},
	keywords = {Mathematics / Probability \& Statistics / Regression Analysis, Mathematics / Probability \& Statistics / Stochastic Processes}
}
@article{suykens_least_1999,
	title = {Least squares support vector machine classifiers},
	volume = {9},
	number = {3},
	journal = {Neural processing letters},
	author = {Suykens, Johan AK and Vandewalle, Joos},
	year = {1999},
	pages = {293--300},

}
@INPROCEEDINGS{Guyon93automaticcapacity,
    author = {I. Guyon and B. Boser and V. Vapnik},
    title = {Automatic Capacity Tuning of Very Large VC-dimension Classifiers},
    booktitle = {Advances in Neural Information Processing Systems},
    year = {1993},
    pages = {147--155},
    publisher = {Morgan Kaufmann}
}
